@article{Denki2001,
    author={Denki, Taro and Hanai, Momoko and Misaki, Goro},
    title={Future Technology for Power System Analysis},
    journal={IEEE Trans.PE},
    volume={130},
    number={1},
    pages={130--136},
    year={1999},
    month={1},
    note={(in Japanese)}
}

@book{Knuth1994,
    author={Knuth, D. E.},
    title={The TEXbook},
    publisher={Addison-Wesley},
    year={1994}
}

@inproceedings{Yamada2001,
    author={Yamada, Basho},
    title={Experimental Studies of New Micromechanical Vibration Systems},
    booktitle={Proc. IEEE Conf. on Micro-mechanical Component},
    number={21},
    pages={123--145},
    month={4},
    address={Paris, France},
    year={1999}
}
